<record xmlns="http://www.loc.gov/MARC21/slim" xmlns:xsi="http://www.w3.org/2001/XMLSchema-instance" xsi:schemaLocation="http://www.loc.gov/MARC21/slim http://www.loc.gov/standards/marcxml/schema/MARC21slim.xsd"><leader>01846nam a2200361   4500</leader><controlfield tag="001">002772027</controlfield><controlfield tag="003">NNU</controlfield><controlfield tag="006">m        d        </controlfield><controlfield tag="007">cr cn |||m|||a</controlfield><controlfield tag="008">150116q19701979ir      od    000 0 arar</controlfield><datafield ind1=" " ind2=" " tag="040"><subfield code="a">NNU</subfield><subfield code="b">eng</subfield><subfield code="c">NNU</subfield></datafield><datafield ind1="0" ind2=" " tag="041"><subfield code="a">ara</subfield><subfield code="a">per</subfield></datafield><datafield ind1="0" ind2=" " tag="050"><subfield code="a">PJ6636.P4</subfield><subfield code="b">S3 1970z</subfield></datafield><datafield ind1=" " ind2=" " tag="066"><subfield code="c">(3</subfield><subfield code="c">(4</subfield></datafield><datafield ind1=" " ind2=" " tag="090"><subfield code="a">PJ6636.P4</subfield><subfield code="b">S3 1970x</subfield></datafield><datafield ind1="1" ind2=" " tag="100"><subfield code="6">880-01</subfield><subfield code="a">&#7778;af&#299;&#697;p&#363;r, &#699;Abd al-Ra&#7717;&#299;m ibn &#699;Abd al-Kar&#299;m</subfield></datafield><datafield ind1="1" ind2="0" tag="245"><subfield code="6">880-02</subfield><subfield code="a">Muntah&#225; al-arab f&#299; lughat al-&#699;Arab</subfield><subfield code="h">[electronic resource] :</subfield><subfield code="b">farhang-i &#699;Arab&#299; bi-F&#257;rs&#299; /</subfield><subfield code="c">ta&#700;l&#299;f &#699;Abd al-Ra&#7717;&#299;m ibn &#699;Abd al-Kar&#299;m &#7778;af&#299;&#697;p&#363;r.</subfield></datafield><datafield ind1=" " ind2=" " tag="260"><subfield code="6">880-03</subfield><subfield code="a">[Tehran] :</subfield><subfield code="b">Kit&#257;bkh&#257;nah-&#700;&#299; San&#257;&#700;&#299;,</subfield><subfield code="c">[197-]</subfield></datafield><datafield ind1=" " ind2=" " tag="300"><subfield code="a">online resource (4 v. in 2 (1398 p.))</subfield></datafield><datafield ind1=" " ind2=" " tag="500"><subfield code="a">Arabic and Persian.</subfield></datafield><datafield ind1=" " ind2=" " tag="500"><subfield code="a">Reprint. Originally published: Calcutta, 1836-1841.</subfield></datafield><datafield ind1=" " ind2=" " tag="500"><subfield code="a">Part of the Arabic Collections Online (ACO) project, contributed by New York Univeristy Libraries.</subfield></datafield><datafield ind1=" " ind2=" " tag="533"><subfield code="a">Electronic reproduction.</subfield><subfield code="b">New York, N.Y. :</subfield><subfield code="c">New York University,</subfield><subfield code="d">2015.</subfield><subfield code="5">NNU</subfield></datafield><datafield ind1=" " ind2="0" tag="650"><subfield code="a">Arabic language</subfield><subfield code="v">Dictionaries</subfield><subfield code="x">Persian.</subfield></datafield><datafield ind1="2" ind2=" " tag="710"><subfield code="a">New York University.</subfield><subfield code="b">Libraries.</subfield></datafield><datafield ind1="0" ind2=" " tag="730"><subfield code="a">Arabic Collections Online.</subfield></datafield><datafield ind1="0" ind2="8" tag="776"><subfield code="i">Print version:</subfield><subfield code="a">&#7778;af&#299;&#697;p&#363;r, &#699;Abd al-Ra&#7717;&#299;m ibn &#699;Abd al-Kar&#299;m 880-01</subfield><subfield code="t">Muntah&#225; al-arab f&#299; lughat al-&#699;Arab</subfield><subfield code="w">(NNU)002772027</subfield><subfield code="w">(DLC)84931302 /NE</subfield></datafield><datafield ind1="4" ind2="0" tag="856"><subfield code="u">http://hdl.handle.net/2333.1/rv15dxg9</subfield></datafield><datafield ind1="1" ind2=" " tag="880"><subfield code="6">100-01/</subfield><subfield code="a">&#1589;&#1601;&#1609; &#65533;&#1608;&#1585;&#1548; &#1593;&#1576;&#1583; &#1575;&#1604;&#1585;&#1581;&#1610;&#1605; &#1575;&#1576;&#1606; &#1593;&#1576;&#1583; &#1575;&#1604;&#1603;&#1585;&#1610;&#1605;.</subfield></datafield><datafield ind1="1" ind2="0" tag="880"><subfield code="6">245-02/</subfield><subfield code="a">&#1605;&#1606;&#1578;&#1607;&#1609; &#1575;&#1604;&#1571;&#1585;&#1576; &#1601;&#1609; &#1604;&#1594;&#1577; &#1575;&#1604;&#1593;&#1585;&#1576; :</subfield><subfield code="b">&#1601;&#1585;&#1607;&#1606;&#65533; &#1593;&#1585;&#1576;&#1609;-&#1576;&#1601;&#1575;&#1585;&#1587;&#1609; /</subfield><subfield code="c">&#1578;&#1571;&#1604;&#1610;&#1601; &#1593;&#1576;&#1583; &#1575;&#1604;&#1603;&#1585;&#1610;&#1605; &#1575;&#1576;&#1606; &#1593;&#1576;&#1583; &#1575;&#1604;&#1585;&#1581;&#1610;&#1605; &#1589;&#1601;&#1609; &#65533;&#1608;&#1585;.</subfield></datafield><datafield ind1=" " ind2=" " tag="880"><subfield code="6">260-03/</subfield><subfield code="a">[Tehran] :</subfield><subfield code="b">&#1603;&#1578;&#1575;&#1576;&#1582;&#1575;&#1606;&#65533; &#1587;&#1606;&#1575;&#1574;&#1609;&#1548;</subfield><subfield code="c">[197-]</subfield></datafield><datafield ind1=" " ind2=" " tag="959"><subfield code="a">NNU</subfield><subfield code="b">WEB</subfield><subfield code="c">GENI</subfield><subfield code="t">0</subfield><subfield code="m">Electronic access</subfield><subfield code="s">01</subfield></datafield><datafield ind1=" " ind2=" " tag="999"><subfield code="i">NNU_002772027</subfield><subfield code="o" /><subfield code="e">(ERROR-MISC)</subfield></datafield></record>